% Encoding: UTF-8


@article{signorovitch2010comparative,
  title={Comparative effectiveness without head-to-head trials: a method for matching-adjusted indirect comparisons applied to psoriasis treatment with adalimumab or etanercept},
  author={Signorovitch, James E and Wu, Eric Q and Yu, Andrew P and Gerrits, Charles M and Kantor, Evan and Bao, Yanjun and Gupta, Shiraz R and Mulani, Parvez M},
  journal={Pharmacoeconomics},
  volume={28},
  pages={935--945},
  year={2010},
  publisher={Springer}
}

@Manual{NICE-18,
  author = {{Nice DSU}},
  title     = {Population-adjusted indirect comparisons (MAIC and STC)},
  year      = {2016},
  url = {https://www.sheffield.ac.uk/nice-dsu/tsds/population-adjusted}
}



@Article{Wichmann1982:RNG,
  author  = {Wichmann, B. A. and Hill, I. D.},
  title   = {Algorithm as 183: An efficient and portable pseudo-random number generator},
  journal = {Applied Statistics},
  year    = {1982},
  volume  = {31},
  pages   = {188–190. Remarks: 34, 198 and 35, 89},
}

@Book{MWP06-HighStat,
  author    = {茆诗松 and 王静龙 and 濮晓龙},
  title     = {高等数理统计},
  year      = {2006},
  edition   = {第二版},
  publisher = {高等教育出版社}
}


@BOOK{Unwin-Visualize06,
  title = {Graphics of Large Datasets Visualizing a Million},
  publisher = {Springer},
  year = {2006},
  author = {Antony Unwin and Martin Theus and Heike Hofmann}
}




@Book{QGCZ2011:StochProc,
  author    = {钱敏平 and 龚光鲁 and 陈大岳 and 章复熹},
  title     = {应用随机过程},
  year      = {2011},
  publisher = {高等教育出版社},
}
