[1]Shu Y, Ding Y, Liu L, et al. Cardiac adverse events associated with quetiapine: Disproportionality analysis of FDA adverse event reporting system [J]. CNS Neurosci Ther, 2023.

