[1]刘卢路, 章琦蕴芮, 王志远,等. 基于真实世界数据的硝苯地平不良反应信号挖掘研究[J]. 中南药学, 2019(7).

